@ARTICLE{Hand2012,
   author = {{Hand}, N. and {Addison}, G.~E. and {Aubourg}, E. and {Battaglia}, N. and 
	{Battistelli}, E.~S. and {Bizyaev}, D. and {Bond}, J.~R. and 
	{Brewington}, H. and {Brinkmann}, J. and {Brown}, B.~R. and 
	{Das}, S. and {Dawson}, K.~S. and {Devlin}, M.~J. and {Dunkley}, J. and 
	{Dunner}, R. and {Eisenstein}, D.~J. and {Fowler}, J.~W. and 
	{Gralla}, M.~B. and {Hajian}, A. and {Halpern}, M. and {Hilton}, M. and 
	{Hincks}, A.~D. and {Hlozek}, R. and {Hughes}, J.~P. and {Infante}, L. and 
	{Irwin}, K.~D. and {Kosowsky}, A. and {Lin}, Y.-T. and {Malanushenko}, E. and 
	{Malanushenko}, V. and {Marriage}, T.~A. and {Marsden}, D. and 
	{Menanteau}, F. and {Moodley}, K. and {Niemack}, M.~D. and {Nolta}, M.~R. and 
	{Oravetz}, D. and {Page}, L.~A. and {Palanque-Delabrouille}, N. and 
	{Pan}, K. and {Reese}, E.~D. and {Schlegel}, D.~J. and {Schneider}, D.~P. and 
	{Sehgal}, N. and {Shelden}, A. and {Sievers}, J. and {Sif{\'o}n}, C. and 
	{Simmons}, A. and {Snedden}, S. and {Spergel}, D.~N. and {Staggs}, S.~T. and 
	{Swetz}, D.~S. and {Switzer}, E.~R. and {Trac}, H. and {Weaver}, B.~A. and 
	{Wollack}, E.~J. and {Yeche}, C. and {Zunckel}, C.},
    title = "{Evidence of Galaxy Cluster Motions with the Kinematic Sunyaev-Zel'dovich Effect}",
  journal = {Physical Review Letters},
archivePrefix = "arXiv",
   eprint = {1203.4219},
 keywords = {Observational cosmology, Distances redshifts radial velocities, spatial distribution of galaxies, Galaxy clusters, Background radiations},
     year = 2012,
    month = jul,
   volume = 109,
   number = 4,
      eid = {041101},
    pages = {041101},
      doi = {10.1103/PhysRevLett.109.041101},
   adsurl = {http://adsabs.harvard.edu/abs/2012PhRvL.109d1101H},
  adsnote = {Provided by the SAO/NASA Astrophysics Data System}
}


@ARTICLE{Zemcov2012,
   author = {{Zemcov}, M. and {Aguirre}, J. and {Bock}, J. and {Bradford}, C.~M. and 
	{Czakon}, N. and {Glenn}, J. and {Golwala}, S.~R. and {Lupu}, R. and 
	{Maloney}, P. and {Mauskopf}, P. and {Million}, E. and {Murphy}, E.~J. and 
	{Naylor}, B. and {Nguyen}, H. and {Rosenman}, M. and {Sayers}, J. and 
	{Scott}, K.~S. and {Zmuidzinas}, J.},
    title = "{High Spectral Resolution Measurement of the Sunyaev-Zel'dovich Effect Null with Z-Spec}",
  journal = {\apj},
archivePrefix = "arXiv",
   eprint = {1202.0029},
 keywords = {cosmic background radiation, galaxies: clusters: individual: RX J1347.5-1145, galaxies: clusters: intracluster medium, submillimeter: galaxies},
     year = 2012,
    month = apr,
   volume = 749,
      eid = {114},
    pages = {114},
      doi = {10.1088/0004-637X/749/2/114},
   adsurl = {http://adsabs.harvard.edu/abs/2012ApJ...749..114Z},
  adsnote = {Provided by the SAO/NASA Astrophysics Data System}
}

@ARTICLE{Planck2016,
   author = {{Planck Collaboration} and {Ade}, P.~A.~R. and {Aghanim}, N. and 
	{Arnaud}, M. and {Ashdown}, M. and {Aumont}, J. and {Baccigalupi}, C. and 
	{Banday}, A.~J. and {Barreiro}, R.~B. and {Barrena}, R. and et al.},
    title = "{Planck 2015 results. XXVII. The second Planck catalogue of Sunyaev-Zeldovich sources}",
  journal = {\aap},
archivePrefix = "arXiv",
   eprint = {1502.01598},
 keywords = {cosmology: observations, galaxies: clusters: general, catalogs},
     year = 2016,
    month = sep,
   volume = 594,
      eid = {A27},
    pages = {A27},
      doi = {10.1051/0004-6361/201525823},
   adsurl = {http://adsabs.harvard.edu/abs/2016A%26A...594A..27P},
  adsnote = {Provided by the SAO/NASA Astrophysics Data System}
}


@ARTICLE{Bleem2015,
   author = {{Bleem}, L.~E. and {Stalder}, B. and {de Haan}, T. and {Aird}, K.~A. and 
	{Allen}, S.~W. and {Applegate}, D.~E. and {Ashby}, M.~L.~N. and 
	{Bautz}, M. and {Bayliss}, M. and {Benson}, B.~A. and {Bocquet}, S. and 
	{Brodwin}, M. and {Carlstrom}, J.~E. and {Chang}, C.~L. and 
	{Chiu}, I. and {Cho}, H.~M. and {Clocchiatti}, A. and {Crawford}, T.~M. and 
	{Crites}, A.~T. and {Desai}, S. and {Dietrich}, J.~P. and {Dobbs}, M.~A. and 
	{Foley}, R.~J. and {Forman}, W.~R. and {George}, E.~M. and {Gladders}, M.~D. and 
	{Gonzalez}, A.~H. and {Halverson}, N.~W. and {Hennig}, C. and 
	{Hoekstra}, H. and {Holder}, G.~P. and {Holzapfel}, W.~L. and 
	{Hrubes}, J.~D. and {Jones}, C. and {Keisler}, R. and {Knox}, L. and 
	{Lee}, A.~T. and {Leitch}, E.~M. and {Liu}, J. and {Lueker}, M. and 
	{Luong-Van}, D. and {Mantz}, A. and {Marrone}, D.~P. and {McDonald}, M. and 
	{McMahon}, J.~J. and {Meyer}, S.~S. and {Mocanu}, L. and {Mohr}, J.~J. and 
	{Murray}, S.~S. and {Padin}, S. and {Pryke}, C. and {Reichardt}, C.~L. and 
	{Rest}, A. and {Ruel}, J. and {Ruhl}, J.~E. and {Saliwanchik}, B.~R. and 
	{Saro}, A. and {Sayre}, J.~T. and {Schaffer}, K.~K. and {Schrabback}, T. and 
	{Shirokoff}, E. and {Song}, J. and {Spieler}, H.~G. and {Stanford}, S.~A. and 
	{Staniszewski}, Z. and {Stark}, A.~A. and {Story}, K.~T. and 
	{Stubbs}, C.~W. and {Vanderlinde}, K. and {Vieira}, J.~D. and 
	{Vikhlinin}, A. and {Williamson}, R. and {Zahn}, O. and {Zenteno}, A.
	},
    title = "{Galaxy Clusters Discovered via the Sunyaev-Zel'dovich Effect in the 2500-Square-Degree SPT-SZ Survey}",
  journal = {\apjs},
archivePrefix = "arXiv",
   eprint = {1409.0850},
 keywords = {cosmology: observations, galaxies: clusters: individual, large-scale structure of universe},
     year = 2015,
    month = feb,
   volume = 216,
      eid = {27},
    pages = {27},
      doi = {10.1088/0067-0049/216/2/27},
   adsurl = {http://adsabs.harvard.edu/abs/2015ApJS..216...27B},
  adsnote = {Provided by the SAO/NASA Astrophysics Data System}
}

@ARTICLE{Saliwanchik2015,
   author = {{Saliwanchik}, B.~R. and {Montroy}, T.~E. and {Aird}, K.~A. and 
	{Bayliss}, M. and {Benson}, B.~A. and {Bleem}, L.~E. and {Bocquet}, S. and 
	{Brodwin}, M. and {Carlstrom}, J.~E. and {Chang}, C.~L. and 
	{Cho}, H.~M. and {Clocchiatti}, A. and {Crawford}, T.~M. and 
	{Crites}, A.~T. and {de Haan}, T. and {Desai}, S. and {Dobbs}, M.~A. and 
	{Dudley}, J.~P. and {Foley}, R.~J. and {Forman}, W.~R. and {George}, E.~M. and 
	{Gladders}, M.~D. and {Gonzalez}, A.~H. and {Halverson}, N.~W. and 
	{Hlavacek-Larrondo}, J. and {Holder}, G.~P. and {Holzapfel}, W.~L. and 
	{Hrubes}, J.~D. and {Jones}, C. and {Keisler}, R. and {Knox}, L. and 
	{Lee}, A.~T. and {Leitch}, E.~M. and {Liu}, J. and {Lueker}, M. and 
	{Luong-Van}, D. and {Mantz}, A. and {Marrone}, D.~P. and {McDonald}, M. and 
	{McMahon}, J.~J. and {Mehl}, J. and {Meyer}, S.~S. and {Mocanu}, L. and 
	{Mohr}, J.~J. and {Murray}, S.~S. and {Nurgaliev}, D. and {Padin}, S. and 
	{Patej}, A. and {Pryke}, C. and {Reichardt}, C.~L. and {Rest}, A. and 
	{Ruel}, J. and {Ruhl}, J.~E. and {Saro}, A. and {Sayre}, J.~T. and 
	{Schaffer}, K.~K. and {Shirokoff}, E. and {Spieler}, H.~G. and 
	{Stalder}, B. and {Stanford}, S.~A. and {Staniszewski}, Z. and 
	{Stark}, A.~A. and {Story}, K. and {Stubbs}, C.~W. and {Vanderlinde}, K. and 
	{Vieira}, J.~D. and {Vikhlinin}, A. and {Williamson}, R. and 
	{Zahn}, O. and {Zenteno}, A.},
    title = "{Measurement of Galaxy Cluster Integrated Comptonization and Mass Scaling Relations with the South Pole Telescope}",
  journal = {\apj},
archivePrefix = "arXiv",
   eprint = {1312.3015},
 keywords = {galaxies: clusters: general, methods: data analysis, X-rays: galaxies: clusters },
     year = 2015,
    month = feb,
   volume = 799,
      eid = {137},
    pages = {137},
      doi = {10.1088/0004-637X/799/2/137},
   adsurl = {http://adsabs.harvard.edu/abs/2015ApJ...799..137S},
  adsnote = {Provided by the SAO/NASA Astrophysics Data System}
}

@ARTICLE{Benson2013,
   author = {{Benson}, B.~A. and {de Haan}, T. and {Dudley}, J.~P. and {Reichardt}, C.~L. and 
	{Aird}, K.~A. and {Andersson}, K. and {Armstrong}, R. and {Ashby}, M.~L.~N. and 
	{Bautz}, M. and {Bayliss}, M. and {Bazin}, G. and {Bleem}, L.~E. and 
	{Brodwin}, M. and {Carlstrom}, J.~E. and {Chang}, C.~L. and 
	{Cho}, H.~M. and {Clocchiatti}, A. and {Crawford}, T.~M. and 
	{Crites}, A.~T. and {Desai}, S. and {Dobbs}, M.~A. and {Foley}, R.~J. and 
	{Forman}, W.~R. and {George}, E.~M. and {Gladders}, M.~D. and 
	{Gonzalez}, A.~H. and {Halverson}, N.~W. and {Harrington}, N. and 
	{High}, F.~W. and {Holder}, G.~P. and {Holzapfel}, W.~L. and 
	{Hoover}, S. and {Hrubes}, J.~D. and {Jones}, C. and {Joy}, M. and 
	{Keisler}, R. and {Knox}, L. and {Lee}, A.~T. and {Leitch}, E.~M. and 
	{Liu}, J. and {Lueker}, M. and {Luong-Van}, D. and {Mantz}, A. and 
	{Marrone}, D.~P. and {McDonald}, M. and {McMahon}, J.~J. and 
	{Mehl}, J. and {Meyer}, S.~S. and {Mocanu}, L. and {Mohr}, J.~J. and 
	{Montroy}, T.~E. and {Murray}, S.~S. and {Natoli}, T. and {Padin}, S. and 
	{Plagge}, T. and {Pryke}, C. and {Rest}, A. and {Ruel}, J. and 
	{Ruhl}, J.~E. and {Saliwanchik}, B.~R. and {Saro}, A. and {Sayre}, J.~T. and 
	{Schaffer}, K.~K. and {Shaw}, L. and {Shirokoff}, E. and {Song}, J. and 
	{Spieler}, H.~G. and {Stalder}, B. and {Staniszewski}, Z. and 
	{Stark}, A.~A. and {Story}, K. and {Stubbs}, C.~W. and {Suhada}, R. and 
	{van Engelen}, A. and {Vanderlinde}, K. and {Vieira}, J.~D. and 
	{Vikhlinin}, A. and {Williamson}, R. and {Zahn}, O. and {Zenteno}, A.
	},
    title = "{Cosmological Constraints from Sunyaev-Zel'dovich-selected Clusters with X-Ray Observations in the First 178 deg$^{2}$ of the South Pole Telescope Survey}",
  journal = {\apj},
archivePrefix = "arXiv",
   eprint = {1112.5435},
 primaryClass = "astro-ph.CO",
 keywords = {cosmic background radiation, cosmology: observations, galaxies: clusters: general, large-scale structure of universe},
     year = 2013,
    month = feb,
   volume = 763,
      eid = {147},
    pages = {147},
      doi = {10.1088/0004-637X/763/2/147},
   adsurl = {http://adsabs.harvard.edu/abs/2013ApJ...763..147B},
  adsnote = {Provided by the SAO/NASA Astrophysics Data System}
}

@article{Battistelli2008,
author = {S. Battistelli, E and Amiri, M and Burger, B and Halpern, M and Knotek, S and Ellis, Maureen and Gao, X and Kelly, Dimitra and Macintosh, Michael and Irwin, K and Reintsema, Carl},
year = {2008},
month = {05},
pages = {908-914},
title = {Functional Description of Read-out Electronics for Time-Domain Multiplexed Bolometers for Millimeter and Sub-millimeter Astronomy},
volume = {151},
booktitle = {Journal of Low Temperature Physics}
}

@proceedings{Hunacek2016,
author = { Jonathon  Hunacek,James  Bock,C. Matt  Bradford,Bruce  Bumble,Tzu-Ching  Chang,Yun-Ting  Cheng,Asantha  Cooray,Abigail  Crites,Steven  Hailey-Dunsheath,Yan  Gong,Chao-Te  Li,Roger  O’Brient,Erik  Shirokoff,Corwin  Shiu,Jason  Sun,Zachary  Staniszewski,Bade  Uzgil,Michael  Zemcov},
title = {Detector modules and spectrometers for the TIME-Pilot [CII] intensity mapping experiment},
journal = {Proc.SPIE},
volume = {9914},
number = {},
pages = {9914 - 9914 - 10},
year = {2016},
doi = {10.1117/12.2233762},
URL = {https://doi.org/10.1117/12.2233762},
eprint = {}
}

@BOOK{Meeus1998,
   author = {{Meeus}, J.},
    title = "{Astronomical algorithms}",
booktitle = {Astronomical algorithms (2nd ed.) by J.~Meeus.~Richmond, VA: Willmann-Bell, 1998.},
     year = 1998,
   adsurl = {http://adsabs.harvard.edu/abs/1998aalg.book.....M},
  adsnote = {Provided by the SAO/NASA Astrophysics Data System}
}

@proceedings{Crites2014,
author = { A. T. Crites,J. J. Bock,C. M. Bradford,T. C. Chang,A. R. Cooray,L.  Duband,Y.  Gong,S.  Hailey-Dunsheath,J.  Hunacek,P. M. Koch,C. T. Li,R. C. O'Brient,T.  Prouve,E.  Shirokoff,M. B. Silva,Z.  Staniszewski,B.  Uzgil,M.  Zemcov},
title = {The TIME-Pilot intensity mapping experiment},
journal = {Proc.SPIE},
volume = {9153},
number = {},
pages = {9153 - 9153 - 9},
year = {2014},
doi = {10.1117/12.2057207},
URL = {https://doi.org/10.1117/12.2057207},
eprint = {}
}

@ARTICLE{Stacey1991,
   author = {{Stacey}, G.~J. and {Geis}, N. and {Genzel}, R. and {Lugten}, J.~B. and 
	{Poglitsch}, A. and {Sternberg}, A. and {Townes}, C.~H.},
    title = "{The 158 micron C II line - A measure of global star formation activity in galaxies}",
  journal = {\apj},
 keywords = {Fine Structure, Galactic Nuclei, Galaxies, Ionized Gases, Molecular Clouds, Star Formation, Cosmic Gases, Far Infrared Radiation, Gas Temperature, Line Spectra, Luminosity, Molecular Gases},
     year = 1991,
    month = jun,
   volume = 373,
    pages = {423-444},
      doi = {10.1086/170062},
   adsurl = {http://adsabs.harvard.edu/abs/1991ApJ...373..423S},
  adsnote = {Provided by the SAO/NASA Astrophysics Data System}
}

@BOOK{Dodelson2003,
   author = {{Dodelson}, S.},
    title = "{Modern cosmology}",
 keywords = {Cosmology},
booktitle = {Modern cosmology / Scott Dodelson.~Amsterdam (Netherlands): Academic Press.~ISBN 0-12-219141-2, 2003, XIII + 440 p.},
     year = 2003,
   adsurl = {http://adsabs.harvard.edu/abs/2003moco.book.....D},
  adsnote = {Provided by the SAO/NASA Astrophysics Data System}
}

@ARTICLE{Dodelson1995,
   author = {{Dodelson}, S. and {Jubas}, J.~M.},
    title = "{Reionization and its imprint of the cosmic microwave background}",
  journal = {\apj},
   eprint = {astro-ph/9308019},
 keywords = {Anisotropy, Background Radiation, Cosmic Rays, Cosmology, Ionization, Microwaves, Particle Interactions, Boltzmann Transport Equation, Compton Effect, Legendre Functions, Universe},
     year = 1995,
    month = feb,
   volume = 439,
    pages = {503-516},
      doi = {10.1086/175191},
   adsurl = {http://adsabs.harvard.edu/abs/1995ApJ...439..503D},
  adsnote = {Provided by the SAO/NASA Astrophysics Data System}
}

@ARTICLE{Planck2013,
   author = {{Planck Collaboration} and {Ade}, P.~A.~R. and {Aghanim}, N. and 
	{Armitage-Caplan}, C. and {Arnaud}, M. and {Ashdown}, M. and 
	{Atrio-Barandela}, F. and {Aumont}, J. and {Baccigalupi}, C. and 
	{Banday}, A.~J. and et al.},
    title = "{Planck 2013 results. XX. Cosmology from Sunyaev-Zeldovich cluster counts}",
  journal = {\aap},
archivePrefix = "arXiv",
   eprint = {1303.5080},
 keywords = {cosmological parameters, large-scale structure of Universe, galaxies: clusters: general},
     year = 2014,
    month = nov,
   volume = 571,
      eid = {A20},
    pages = {A20},
      doi = {10.1051/0004-6361/201321521},
   adsurl = {http://adsabs.harvard.edu/abs/2014A%26A...571A..20P},
  adsnote = {Provided by the SAO/NASA Astrophysics Data System}
}

@ARTICLE{Sayers2013,
   author = {{Sayers}, J. and {Mroczkowski}, T. and {Zemcov}, M. and {Korngut}, P.~M. and 
	{Bock}, J. and {Bulbul}, E. and {Czakon}, N.~G. and {Egami}, E. and 
	{Golwala}, S.~R. and {Koch}, P.~M. and {Lin}, K.-Y. and {Mantz}, A. and 
	{Molnar}, S.~M. and {Moustakas}, L. and {Pierpaoli}, E. and 
	{Rawle}, T.~D. and {Reese}, E.~D. and {Rex}, M. and {Shitanishi}, J.~A. and 
	{Siegel}, S. and {Umetsu}, K.},
    title = "{A Measurement of the Kinetic Sunyaev-Zel'dovich Signal Toward MACS J0717.5+3745}",
  journal = {\apj},
archivePrefix = "arXiv",
   eprint = {1312.3680},
 primaryClass = "astro-ph.CO",
 keywords = {galaxies: clusters: individual: MACS J0717.5+3745, galaxies: clusters: intracluster medium},
     year = 2013,
    month = nov,
   volume = 778,
      eid = {52},
    pages = {52},
      doi = {10.1088/0004-637X/778/1/52},
   adsurl = {http://adsabs.harvard.edu/abs/2013ApJ...778...52S},
  adsnote = {Provided by the SAO/NASA Astrophysics Data System}
}

@ARTICLE{Bond2003,
   author = {{Bond}, J.~R. and {Contaldi}, C. and {Pogosyan}, D.},
    title = "{Cosmic microwave background snapshots: pre-WMAP and post-WMAP}",
  journal = {Philosophical Transactions of the Royal Society of London Series A},
   eprint = {astro-ph/0310735},
 keywords = {COSMOLOGY, PARTICLE PHYSICS, DARK MATTER, DARK ENERGY},
     year = 2003,
    month = nov,
   volume = 361,
    pages = {2435-2467},
      doi = {10.1098/rsta.2003.1295},
   adsurl = {http://adsabs.harvard.edu/abs/2003RSPTA.361.2435B},
  adsnote = {Provided by the SAO/NASA Astrophysics Data System}
}

@ARTICLE{Sunyaev1970,
   author = {{Sunyaev}, R.~A. and {Zeldovich}, Y.~B.},
    title = "{Small scale entropy and adiabatic density perturbations {\mdash} Antimatter in the Universe}",
  journal = {\apss},
     year = 1970,
    month = dec,
   volume = 9,
    pages = {368-382},
      doi = {10.1007/BF00649577},
   adsurl = {http://adsabs.harvard.edu/abs/1970Ap\%26SS...9..368S},
  adsnote = {Provided by the SAO/NASA Astrophysics Data System}
}

@ARTICLE{Santos2010,
   author = {{Santos}, M.~G. and {Ferramacho}, L. and {Silva}, M.~B. and 
	{Amblard}, A. and {Cooray}, A.},
    title = "{Fast large volume simulations of the 21-cm signal from the reionization and pre-reionization epochs}",
  journal = {\mnras},
archivePrefix = "arXiv",
   eprint = {0911.2219},
 keywords = {methods: numerical, cosmology: theory, early Universe, large-scale structure of Universe},
     year = 2010,
    month = aug,
   volume = 406,
    pages = {2421-2432},
      doi = {10.1111/j.1365-2966.2010.16898.x},
   adsurl = {http://adsabs.harvard.edu/abs/2010MNRAS.406.2421S},
  adsnote = {Provided by the SAO/NASA Astrophysics Data System}
}

@ARTICLE{Mauskopf2000,
   author = {{Mauskopf}, P.~D. and {Ade}, P.~A.~R. and {Allen}, S.~W. and 
	{Church}, S.~E. and {Edge}, A.~C. and {Ganga}, K.~M. and {Holzapfel}, W.~L. and 
	{Lange}, A.~E. and {Rownd}, B.~K. and {Philhour}, B.~J. and 
	{Runyan}, M.~C.},
    title = "{A Determination of the Hubble Constant Using Measurements of X-Ray Emission and the Sunyaev-Zeldovich Effect at Millimeter Wavelengths in the Cluster Abell 1835}",
  journal = {\apj},
 keywords = {Cosmology: Observations, Cosmology: Distance Scale, galaxies: clusters: individual (A1835), Radio Continuum: Galaxies, X-Rays: Galaxies},
     year = 2000,
    month = aug,
   volume = 538,
    pages = {505-516},
      doi = {10.1086/309137},
   adsurl = {http://adsabs.harvard.edu/abs/2000ApJ...538..505M},
  adsnote = {Provided by the SAO/NASA Astrophysics Data System}
}

@ARTICLE{Madau2014,
   author = {{Madau}, P. and {Dickinson}, M.},
    title = "{Cosmic Star-Formation History}",
  journal = {\araa},
archivePrefix = "arXiv",
   eprint = {1403.0007},
     year = 2014,
    month = aug,
   volume = 52,
    pages = {415-486},
      doi = {10.1146/annurev-astro-081811-125615},
   adsurl = {http://adsabs.harvard.edu/abs/2014ARA\%26A..52..415M},
  adsnote = {Provided by the SAO/NASA Astrophysics Data System}
}

@ARTICLE{Gong2012,
   author = {{Gong}, Y. and {Cooray}, A. and {Silva}, M. and {Santos}, M.~G. and 
	{Bock}, J. and {Bradford}, C.~M. and {Zemcov}, M.},
    title = "{Intensity Mapping of the [C II] Fine Structure Line during the Epoch of Reionization}",
  journal = {\apj},
archivePrefix = "arXiv",
   eprint = {1107.3553},
 keywords = {cosmology: theory, diffuse radiation, intergalactic medium, large-scale structure of universe},
     year = 2012,
    month = jan,
   volume = 745,
      eid = {49},
    pages = {49},
      doi = {10.1088/0004-637X/745/1/49},
   adsurl = {http://adsabs.harvard.edu/abs/2012ApJ...745...49G},
  adsnote = {Provided by the SAO/NASA Astrophysics Data System}
}

@ARTICLE{Birkinshaw1999,
   author = {{Birkinshaw}, M.},
    title = "{The Sunyaev-Zel'dovich effect}",
  journal = {\physrep},
   eprint = {astro-ph/9808050},
     year = 1999,
    month = mar,
   volume = 310,
    pages = {97-195},
      doi = {10.1016/S0370-1573(98)00080-5},
   adsurl = {http://adsabs.harvard.edu/abs/1999PhR...310...97B},
  adsnote = {Provided by the SAO/NASA Astrophysics Data System}
}

@ARTICLE{Allen1998,
   author = {{Allen}, S.~W. and {Fabian}, A.~C.},
    title = "{The impact of cooling flows on the T\_X-L\_Bol relation for the most luminous clusters}",
  journal = {\mnras},
   eprint = {astro-ph/9802218},
 keywords = {GALAXIES: CLUSTERS: GENERAL, COOLING FLOWS, INTERGALACTIC MEDIUM, X-RAYS: GALAXIES},
     year = 1998,
    month = jul,
   volume = 297,
    pages = {L57-L62},
      doi = {10.1046/j.1365-8711.1998.01737.x},
   adsurl = {http://adsabs.harvard.edu/abs/1998MNRAS.297L..57A},
  adsnote = {Provided by the SAO/NASA Astrophysics Data System}
}

@ARTICLE{Mushotzky1997,
   author = {{Mushotzky}, R.~F. and {Scharf}, C.~A.},
    title = "{The Luminosity-Temperature Relation at z = 0.4 for Clusters of Galaxies}",
  journal = {\apjl},
   eprint = {astro-ph/9703039},
 keywords = {GALAXIES: CLUSTERS: GENERAL, X-RAYS: GALAXIES, COSMOLOGY: OBSERVATIONS, Cosmology: Observations, Galaxies: Clusters: General, X-Rays: Galaxies},
     year = 1997,
    month = jun,
   volume = 482,
    pages = {L13-L16},
      doi = {10.1086/310676},
   adsurl = {http://adsabs.harvard.edu/abs/1997ApJ...482L..13M},
  adsnote = {Provided by the SAO/NASA Astrophysics Data System}
}

@ARTICLE{Carlstrom2002,
   author = {{Carlstrom}, J.~E. and {Holder}, G.~P. and {Reese}, E.~D.},
    title = "{Cosmology with the Sunyaev-Zel'dovich Effect}",
  journal = {\araa},
   eprint = {astro-ph/0208192},
 keywords = {galaxy clusters, cosmic microwave background, structure formation, surveys},
     year = 2002,
   volume = 40,
    pages = {643-680},
      doi = {10.1146/annurev.astro.40.060401.093803},
   adsurl = {http://adsabs.harvard.edu/abs/2002ARA\%26A..40..643C},
  adsnote = {Provided by the SAO/NASA Astrophysics Data System}
}

@ARTICLE{Cheng2016,
   author = {{Cheng}, Y.-T. and {Chang}, T.-C. and {Bock}, J. and {Bradford}, C.~M. and 
	{Cooray}, A.},
    title = "{Spectral Line De-confusion in an Intensity Mapping Survey}",
  journal = {\apj},
archivePrefix = "arXiv",
   eprint = {1604.07833},
 keywords = {cosmology: observations, cosmology: theory, dark ages, reionization, first stars, large-scale structure of universe},
     year = 2016,
    month = dec,
   volume = 832,
      eid = {165},
    pages = {165},
      doi = {10.3847/0004-637X/832/2/165},
   adsurl = {http://adsabs.harvard.edu/abs/2016ApJ...832..165C},
  adsnote = {Provided by the SAO/NASA Astrophysics Data System}
}

@ARTICLE{Breysse2016,
   author = {{Breysse}, P.~C. and {Kovetz}, E.~D. and {Kamionkowski}, M.},
    title = "{The high-redshift star formation history from carbon-monoxide intensity maps}",
  journal = {\mnras},
archivePrefix = "arXiv",
   eprint = {1507.06304},
 keywords = {galaxies: high-redshift, cosmology: theory},
     year = 2016,
    month = mar,
   volume = 457,
    pages = {L127-L131},
      doi = {10.1093/mnrasl/slw005},
   adsurl = {http://adsabs.harvard.edu/abs/2016MNRAS.457L.127B},
  adsnote = {Provided by the SAO/NASA Astrophysics Data System}
}

@ARTICLE{Carilli2013,
   author = {{Carilli}, C.~L. and {Walter}, F.},
    title = "{Cool Gas in High-Redshift Galaxies}",
  journal = {\araa},
archivePrefix = "arXiv",
   eprint = {1301.0371},
     year = 2013,
    month = aug,
   volume = 51,
    pages = {105-161},
      doi = {10.1146/annurev-astro-082812-140953},
   adsurl = {http://adsabs.harvard.edu/abs/2013ARA\%26A..51..105C},
  adsnote = {Provided by the SAO/NASA Astrophysics Data System}
}

@ARTICLE{Kennicutt1998,
   author = {{Kennicutt}, Jr., R.~C.},
    title = "{The Global Schmidt Law in Star-forming Galaxies}",
  journal = {\apj},
   eprint = {astro-ph/9712213},
 keywords = {GALAXIES: EVOLUTION, GALAXIES: ISM, GALAXIES: SPIRAL, GALAXIES: STELLAR CONTENT, GALAXIES: STARBURST, STARS: FORMATION, Galaxies: Evolution, Galaxies: ISM, Galaxies: Spiral, Galaxies: Starburst, Galaxies: Stellar Content, Stars: Formation},
     year = 1998,
    month = may,
   volume = 498,
    pages = {541-552},
      doi = {10.1086/305588},
   adsurl = {http://adsabs.harvard.edu/abs/1998ApJ...498..541K},
  adsnote = {Provided by the SAO/NASA Astrophysics Data System}
}

@ARTICLE{Visbal2010,
   author = {{Visbal}, E. and {Loeb}, A.},
    title = "{Measuring the 3D clustering of undetected galaxies through cross correlation of their cumulative flux fluctuations from multiple spectral lines}",
  journal = {\jcap},
archivePrefix = "arXiv",
   eprint = {1008.3178},
     year = 2010,
    month = nov,
   volume = 11,
      eid = {016},
    pages = {016},
      doi = {10.1088/1475-7516/2010/11/016},
   adsurl = {http://adsabs.harvard.edu/abs/2010JCAP...11..016V},
  adsnote = {Provided by the SAO/NASA Astrophysics Data System}
}

@INPROCEEDINGS{Zaroubi2012,
   author = {{Zaroubi}, S.},
    title = "{The Epoch of Reionization}",
 keywords = {Physics},
booktitle = {The First Galaxies},
     year = 2013,
   series = {Astrophysics and Space Science Library},
   volume = 396,
archivePrefix = "arXiv",
   eprint = {1206.0267},
   editor = {{Wiklind}, T. and {Mobasher}, B. and {Bromm}, V.},
    pages = {45},
      doi = {10.1007/978-3-642-32362-1_2},
   adsurl = {http://adsabs.harvard.edu/abs/2013ASSL..396...45Z},
  adsnote = {Provided by the SAO/NASA Astrophysics Data System}
}

@ARTICLE{Kovetz2017,
   author = {{Kovetz}, E.~D. and {Viero}, M.~P. and {Lidz}, A. and {Newburgh}, L. and 
	{Rahman}, M. and {Switzer}, E. and {Kamionkowski}, M. and {Aguirre}, J. and 
	{Alvarez}, M. and {Bock}, J. and {Bond}, J.~R. and {Bower}, G. and 
	{Bradford}, C.~M. and {Breysse}, P.~C. and {Bull}, P. and {Chang}, T.-C. and 
	{Cheng}, Y.-T. and {Chung}, D. and {Cleary}, K. and {Corray}, A. and 
	{Crites}, A. and {Croft}, R. and {Dor{\'e}}, O. and {Eastwood}, M. and 
	{Ferrara}, A. and {Fonseca}, J. and {Jacobs}, D. and {Keating}, G.~K. and 
	{Lagache}, G. and {Lakhlani}, G. and {Liu}, A. and {Moodley}, K. and 
	{Murray}, N. and {P{\'e}nin}, A. and {Popping}, G. and {Pullen}, A. and 
	{Reichers}, D. and {Saito}, S. and {Saliwanchik}, B. and {Santos}, M. and 
	{Somerville}, R. and {Stacey}, G. and {Stein}, G. and {Villaescusa-Navarro}, F. and 
	{Visbal}, E. and {Weltman}, A. and {Wolz}, L. and {Zemcov}, M.
	},
    title = "{Line-Intensity Mapping: 2017 Status Report}",
  journal = {ArXiv e-prints},
archivePrefix = "arXiv",
   eprint = {1709.09066},
 keywords = {Astrophysics - Cosmology and Nongalactic Astrophysics, Astrophysics - Astrophysics of Galaxies, Astrophysics - Instrumentation and Methods for Astrophysics},
     year = 2017,
    month = sep,
   adsurl = {http://adsabs.harvard.edu/abs/2017arXiv170909066K},
  adsnote = {Provided by the SAO/NASA Astrophysics Data System}
}
